@ARTICLE{Fortunato2010,
  author  = {Fortunato, S.},
  title   = {Community detection in graphs},
  journal = {Phys. Rep.-Rev. Sec. Phys. Lett.}, 
  volume  = {486},
  year    = {2010},
  pages   = {75-174}
}

@ARTICLE{NewmanGirvan2004,
  author  = {Newman, M. E. J. and Girvan, M.},
  title   = {Finding and evaluating community structure in networks},
  journal = {Phys. Rev. E.}, 
  volume  = {69},
  year    = {2004},
  pages   = {026113}
}

@ARTICLE{Vehlowetal2013,
  author  = {Vehlow, C. and Reinhardt, T. and Weiskopf, D.},
  title   = {Visualizing Fuzzy Overlapping Communities in Networks},
  journal = {IEEE Trans. Vis. Comput. Graph.}, 
  volume  = {19},
  year    = {2013},
  pages   = {2486-2495}
}

@ARTICLE{Raghavanetal2007,
  author  = {Raghavan, U. and Albert, R. and Kumara, S.},
  title   = {Near linear time algorithm to detect community structures in large-scale networks},
  journal = {Phys. Rev E.}, 
  volume  = {76},
  year    = {2007},
  pages   = {036106}
}

@ARTICLE{SubeljBajec2011a,
  author  = {\v{S}ubelj, L. and Bajec, M.},
  title   = {Robust network community detection using balanced propagation},
  journal = {Eur. Phys. J. B.}, 
  volume  = {81},
  year    = {2011},
  pages   = {353-362}
}

@ARTICLE{Louetal2013,
  author  = {Lou, H. and Li, S. and Zhao, Y.},
  title   = {Detecting community structure using label propagation with weighted coherent neighborhood propinquity},
  journal = {Physica A.}, 
  volume  = {392},
  year    = {2013},
  pages   = {3095-3105}
}

@ARTICLE{Clausetetal2004,
  author  = {Clauset, A. and Newman, M. E. J. and Moore, C.},
  title   = {Finding community structure in very large networks},
  journal = {Phys. Rev. E.}, 
  volume  = {70},
  year    = {2004},
  pages   = {066111}
}

@ARTICLE{Blondeletal2008,
  author  = {Blondel, V. D. and Guillaume, J. L. and Lambiotte, R. and Lefebvre, E.},
  title   = {Fast unfolding of communities in large networks},
  journal = {J. Stat. Mech.-Theory Exp.}, 
  volume  = {2008},
  year    = {2008},
  pages   = {P10008}
}

@ARTICLE{SobolevskyCampari2014,
  author  = {Sobolevsky, S. and Campari, R.},
  title   = {General optimization technique for high-quality community detection in complex networks},
  journal = {Phys. Rev. E.}, 
  volume  = {90},
  year    = {2014},
  pages   = {012811}
}

@ARTICLE{FortunatoBarthelemy2007,
  author  = {Fortunato, S. and Barthelemy, M.},
  title   = {Resolution limit in community detection},
  journal = {Proc. Natl. Acad. Sci. U. S. A.}, 
  volume  = {104},
  year    = {2007},
  pages   = {36-41}
}

@ARTICLE{SubeljBajec2011b,
  author  = {\v{S}ubelj, L. and Bajec, M.},
  title   = {Unfolding communities in large complex networks: Combining defensive and offensive label propagation for core extraction},
  journal = {Phys. Rev. E.}, 
  volume  = {83},
  year    = {2011},
  pages   = {036103}
}

@ARTICLE{WangLi2013,
  author  = {Wang, X. and Li, J.},
  title   = {Detecting communities by the core-vertex and intimate degree in complex networks},
  journal = {Physica A.}, 
  volume  = {392},
  year    = {2013},
  pages   = {2555-2563}
}

@ARTICLE{Lietal2013,
  author  = {Li, J. and Wang, X. and Eustace, J.},
  title   = {Detecting overlapping communities by seed community in weighted complex networks},
  journal = {Physica A.}, 
  volume  = {392},
  year    = {2013},
  pages   = {6125-6134}
}

@ARTICLE{Fabioetal2013,
  author  = {Fabio, D. R. and Fabio, D. and Carlo, P.},
  title   = {Profiling core-periphery network structure by random walkers},
  journal = {Sci. Rep.}, 
  volume  = {3},
  year    = {2013},
  pages   = {1467}
}

@ARTICLE{Chenetal2013,
  author  = {Chen, Q. and Wu, T. T. and Fang, M.},
  title   = {Detecting local community structure in complex networks based on local degree central nodes},
  journal = {Physica A.}, 
  volume  = {392},
  year    = {2013},
  pages   = {529-537}
}

@ARTICLE{Zhangetal2007,
  author  = {Zhang, S. and Wang, R. and Zhang, X.},
  title   = {Identification of overlapping community structure in complex networks using fuzzy c-means clustering},
  journal = {Physica A.}, 
  volume  = {374},
  year    = {2007},
  pages   = {483-490}
}

@ARTICLE{Nepuszetal2008,
  author  = {Nepusz, T. and Petr\'oczi, A. and N\'egyessy, L. and Bazs\'o, F.},
  title   = {Fuzzy communities and the concept of bridgeness in complex networks},
  journal = {Phys. Rev. E.}, 
  volume  = {77},
  year    = {2008},
  pages   = {016107}
}

@ARTICLE{FabricioLiang2013,
  author  = {Fabricio, B. and Liang, Z.},
  title   = {Fuzzy community structure detection by particle competition and cooperation},
  journal = {Soft Comput.}, 
  volume  = {17},
  year    = {2013},
  pages   = {659-673}
}

@ARTICLE{Sunetal2011,
  author  = {Sun, P. and Gao, L. and Han, S.},
  title   = {Identification of overlapping and non-overlapping community structure by fuzzy clustering in complex networks},
  journal = {Inf. Sci.}, 
  volume  = {181},
  year    = {2011},
  pages   = {1060-1071}
}

@ARTICLE{Wangetal2013,
  author  = {Wang, W. and Liu, D. and Liu, X. and Pan, L.},
  title   = {Fuzzy overlapping community detection based on local random walk and multidimensional scaling},
  journal = {Physica A.}, 
  volume  = {392},
  year    = {2013},
  pages   = {6578-6586}
}

@ARTICLE{Psorakisetal2011,
  author  = {Psorakis, I. and Roberts, S. and Ebden, M. and Sheldon, B.},
  title   = {Overlapping community detection using Bayesian non-negative matrix factorization},
  journal = {Phys. Rev. E.}, 
  volume  = {83},
  year    = {2011},
  pages   = {066114}
}

@CONFERENCE{ZhangYeung2012,
  author  = {Zhang, Y. and Yeung, D.},
  title   = {Overlapping Community Detection via Bounded Nonnegative Matrix Tri-Factorization},
  booktitle = {In Proc. ACM SIGKDD Conf.}, 
  year    = {2012},
  pages   = {606-614}
}

@ARTICLE{Liu2010,
  author  = {Liu, J.},
  title   = {Fuzzy modularity and fuzzy community structure in networks},
  journal = {Eur. Phys. J. B.}, 
  volume  = {77},
  year    = {2010},
  pages   = {547-557}
}

@ARTICLE{Havensetal2013,
  author  = {Havens, T. C. and Bezdek, J. C. and Leckie, C., Ramamohanarao, K. and Palaniswami, M.},
  title   = {A Soft Modularity Function For Detecting Fuzzy Communities in Social Networks},
  journal = {IEEE Trans. Fuzzy Syst.}, 
  volume  = {21},
  year    = {2013},
  pages   = {1170-1175}
}

@misc{Newman2013,
  author = {Newman, M. E. J.},
  title  = {Network data},
  howpublished = "\url{http://www-personal.umich.edu/~mejn/netdata/}",
  year = {2013}
}

@ARTICLE{SubeljBajec2012,
  author  = {\v{S}ubelj, L. and Bajec, M.},
  title   = {Ubiquitousness of link-density and link-pattern communities in real-world networks},
  journal = {Eur. Phys. J. B.}, 
  volume  = {85},
  year    = {2012},
  pages   = {1-11}
}

@ARTICLE{Lancichinettietal2008,
  author  = {Lancichinetti, A. and Fortunato, S. and Radicchi, F.},
  title   = {Benchmark graphs for testing community detection algorithms},
  journal = {Phys. Rev. E.}, 
  volume  = {78},
  year    = {2008},
  pages   = {046110}
}

@ARTICLE{Liuetal2014,
  author  = {Liu, W. and Pellegrini, M. and Wang, X.},
  title   = {Detecting Communities Based on Network Topology},
  journal = {Sci. Rep.}, 
  volume  = {4},
  year    = {2014},
  pages   = {5739}
}

@ARTICLE{Danonetal2005,
  author  = {Danon, L. and Diaz-Guilera, A. and Duch, J. and Arenas, A.},
  title   = {Comparing community structure identification},
  journal = {J. Stat. Mech.-Theory Exp.}, 
  volume  = {},
  year    = {2005},
  pages   = {P09008}
}

@ARTICLE{Gregory2011,
  author  = {Gregory, S.},
  title   = {Fuzzy overlapping communities in networks},
  journal = {J. Stat. Mech.-Theory Exp.}, 
  volume  = {},
  year    = {2011},
  pages   = {P02017}
}

@ARTICLE{LancichinettiFortunato2009,
  author  = {Lancichinetti, A. and Fortunato, S.},
  title   = {Benchmarks for testing community detection algorithms on directed and weighted graphs with overlapping communities},
  journal = {Phys. Rev. E.}, 
  volume  = {80},
  year    = {2009},
  pages   = {016118}
}

@CONFERENCE{HullermeierRifqi2009,
  author  = {Hullermeier, E. and Rifqi, M.},
  title   = {A Fuzzy Variant of the Rand Index for Comparing Clustering Structures},
  booktitle = {in Proc. IFSA/EUSFLAT Conf.}, 
  year    = {2009},
  pages   = {1294-1298}
}


% Journals

% First the Full Name is given, then the abbreviation used in the AMS Math
% Reviews, with an indication if it could not be found there.
% Note the 2nd overwrites the 1st, so swap them if you want the full name.

 %{AMS}
 @String{AMSTrans = "American Mathematical Society Translations" }
 @String{AMSTrans = "Amer. Math. Soc. Transl." }
 @String{BullAMS = "Bulletin of the American Mathematical Society" }
 @String{BullAMS = "Bull. Amer. Math. Soc." }
 @String{ProcAMS = "Proceedings of the American Mathematical Society" }
 @String{ProcAMS = "Proc. Amer. Math. Soc." }
 @String{TransAMS = "Transactions of the American Mathematical Society" }
 @String{TransAMS = "Trans. Amer. Math. Soc." }

 %ACM
 @String{CACM = "Communications of the {ACM}" }
 @String{CACM = "Commun. {ACM}" }
 @String{CompServ = "Comput. Surveys" }
 @String{JACM = "J. ACM" }
 @String{ACMMathSoft = "{ACM} Transactions on Mathematical Software" }
 @String{ACMMathSoft = "{ACM} Trans. Math. Software" }
 @String{SIGNUM = "{ACM} {SIGNUM} Newsletter" }
 @String{SIGNUM = "{ACM} {SIGNUM} Newslett." }

 @String{AmerSocio = "American Journal of Sociology" }
 @String{AmerStatAssoc = "Journal of the American Statistical Association" }
 @String{AmerStatAssoc = "J. Amer. Statist. Assoc." }
 @String{ApplMathComp = "Applied Mathematics and Computation" }
 @String{ApplMathComp = "Appl. Math. Comput." }
 @String{AmerMathMonthly = "American Mathematical Monthly" }
 @String{AmerMathMonthly = "Amer. Math. Monthly" }
 @String{BIT = "{BIT}" }
 @String{BritStatPsych = "British Journal of Mathematical and Statistical
          Psychology" }
 @String{BritStatPsych = "Brit. J. Math. Statist. Psych." }
 @String{CanMathBull = "Canadian Mathematical Bulletin" }
 @String{CanMathBull = "Canad. Math. Bull." }
 @String{CompApplMath = "Journal of Computational and Applied Mathematics" }
 @String{CompApplMath = "J. Comput. Appl. Math." }
 @String{CompPhys = "Journal of Computational Physics" }
 @String{CompPhys = "J. Comput. Phys." }
 @String{CompStruct = "Computers and Structures" }
 @String{CompStruct = "Comput. \& Structures" }
 @String{CompJour = "The Computer Journal" }
 @String{CompJour = "Comput. J." }
 @String{CompSysSci = "Journal of Computer and System Sciences" }
 @String{CompSysSci = "J. Comput. System Sci." }
 @String{Computing = "Computing" }
 @String{ContempMath = "Contemporary Mathematics" }
 @String{ContempMath = "Contemp. Math." }
 @String{Crelle = "Crelle's Journal" }
 @String{GiornaleMath = "Giornale di Mathematiche" }
 @String{GiornaleMath = "Giorn. Mat." } % didn't find in AMS MR., ibid.

 %IEEE
 @String{Computer = "{IEEE} Computer" }
 @String{IEEETransComp = "{IEEE} Transactions on Computers" }
 @String{IEEETransComp = "{IEEE} Trans. Comput." }
 @String{IEEETransAC = "{IEEE} Transactions on Automatic Control" }
 @String{IEEETransAC = "{IEEE} Trans. Automat. Control" }
 @String{IEEESpec = "{IEEE} Spectrum" } % didn't find in AMS MR
 @String{ProcIEEE = "Proceedings of the {IEEE}" }
 @String{ProcIEEE = "Proc. {IEEE}" } % didn't find in AMS MR
 @String{IEEETransAeroElec = "{IEEE} Transactions on Aerospace and Electronic
     Systems" }
 @String{IEEETransAeroElec = "{IEEE} Trans. Aerospace Electron. Systems" }

 @String{IMANumerAna = "{IMA} Journal of Numerical Analysis" }
 @String{IMANumerAna = "{IMA} J. Numer. Anal." }
 @String{InfProcLet = "Information Processing Letters" }
 @String{InfProcLet = "Inform. Process. Lett." }
 @String{InstMathApp = "Journal of the Institute of Mathematics and
     its Applications" }
 @String{InstMathApp = "J. Inst. Math. Appl." }
 @String{IntControl = "International Journal of Control" }
 @String{IntControl = "Internat. J. Control" }
 @String{IntNumerEng = "International Journal for Numerical Methods in
     Engineering" }
 @String{IntNumerEng = "Internat. J. Numer. Methods Engrg." }
 @String{IntSuper = "International Journal of Supercomputing Applications" }
 @String{IntSuper = "Internat. J. Supercomputing Applic." } % didn't find
%% in AMS MR
 @String{Kibernetika = "Kibernetika" }
 @String{JResNatBurStand = "Journal of Research of the National Bureau
     of Standards" }
 @String{JResNatBurStand = "J. Res. Nat. Bur. Standards" }
 @String{LinAlgApp = "Linear Algebra and its Applications" }
 @String{LinAlgApp = "Linear Algebra Appl." }
 @String{MathAnaAppl = "Journal of Mathematical Analysis and Applications" }
 @String{MathAnaAppl = "J. Math. Anal. Appl." }
 @String{MathAnnalen = "Mathematische Annalen" }
 @String{MathAnnalen = "Math. Ann." }
 @String{MathPhys = "Journal of Mathematical Physics" }
 @String{MathPhys = "J. Math. Phys." }
 @String{MathComp = "Mathematics of Computation" }
 @String{MathComp = "Math. Comp." }
 @String{MathScand = "Mathematica Scandinavica" }
 @String{MathScand = "Math. Scand." }
 @String{TablesAidsComp = "Mathematical Tables and Other Aids to Computation" }
 @String{TablesAidsComp = "Math. Tables Aids Comput." }
 @String{NumerMath = "Numerische Mathematik" }
 @String{NumerMath = "Numer. Math." }
 @String{PacificMath = "Pacific Journal of Mathematics" }
 @String{PacificMath = "Pacific J. Math." }
 @String{ParDistComp = "Journal of Parallel and Distributed Computing" }
 @String{ParDistComp = "J. Parallel and Distrib. Comput." } % didn't find
%% in AMS MR
 @String{ParComputing = "Parallel Computing" }
 @String{ParComputing = "Parallel Comput." }
 @String{PhilMag = "Philosophical Magazine" }
 @String{PhilMag = "Philos. Mag." }
 @String{ProcNAS = "Proceedings of the National Academy of Sciences
                    of the USA" }
 @String{ProcNAS = "Proc. Nat. Acad. Sci. U. S. A." }
 @String{Psychometrika = "Psychometrika" }
 @String{QuartMath = "Quarterly Journal of Mathematics, Oxford, Series (2)" }
 @String{QuartMath = "Quart. J. Math. Oxford Ser. (2)" }
 @String{QuartApplMath = "Quarterly of Applied Mathematics" }
 @String{QuartApplMath = "Quart. Appl. Math." }
 @String{RevueInstStat = "Review of the International Statisical Institute" }
 @String{RevueInstStat = "Rev. Inst. Internat. Statist." }

 %SIAM
 @String{JSIAM = "Journal of the Society for Industrial and Applied
     Mathematics" }
 @String{JSIAM = "J. Soc. Indust. Appl. Math." }
 @String{JSIAMB = "Journal of the Society for Industrial and Applied
     Mathematics, Series B, Numerical Analysis" }
 @String{JSIAMB = "J. Soc. Indust. Appl. Math. Ser. B Numer. Anal." }
 @String{SIAMAlgMeth = "{SIAM} Journal on Algebraic and Discrete Methods" }
 @String{SIAMAlgMeth = "{SIAM} J. Algebraic Discrete Methods" }
 @String{SIAMAppMath = "{SIAM} Journal on Applied Mathematics" }
 @String{SIAMAppMath = "{SIAM} J. Appl. Math." }
 @String{SIAMComp = "{SIAM} Journal on Computing" }
 @String{SIAMComp = "{SIAM} J. Comput." }
 @String{SIAMMatrix = "{SIAM} Journal on Matrix Analysis and Applications" }
 @String{SIAMMatrix = "{SIAM} J. Matrix Anal. Appl." }
 @String{SIAMNumAnal = "{SIAM} Journal on Numerical Analysis" }
 @String{SIAMNumAnal = "{SIAM} J. Numer. Anal." }
 @String{SIAMReview = "{SIAM} Review" }
 @String{SIAMReview = "{SIAM} Rev." }
 @String{SIAMSciStat = "{SIAM} Journal on Scientific and Statistical
     Computing" }
 @String{SIAMSciStat = "{SIAM} J. Sci. Statist. Comput." }

 @String{SoftPracExp = "Software Practice and Experience" }
 @String{SoftPracExp = "Software Prac. Experience" } % didn't find in AMS MR
 @String{StatScience = "Statistical Science" }
 @String{StatScience = "Statist. Sci." }
 @String{Techno = "Technometrics" }
 @String{USSRCompMathPhys = "{USSR} Computational Mathematics and Mathematical
     Physics" }
 @String{USSRCompMathPhys = "{U. S. S. R.} Comput. Math. and Math. Phys." }
 @String{VLSICompSys = "Journal of {VLSI} and Computer Systems" }
 @String{VLSICompSys = "J. {VLSI} Comput. Syst." }
 @String{ZAngewMathMech = "Zeitschrift fur Angewandte Mathematik und
     Mechanik" }
 @String{ZAngewMathMech = "Z. Angew. Math. Mech." }
 @String{ZAngewMathPhys = "Zeitschrift fur Angewandte Mathematik und Physik" }
 @String{ZAngewMathPhys = "Z. Angew. Math. Phys." }

% Publishers % ================================================= |

 @String{Academic = "Academic Press" }
 @String{ACMPress = "{ACM} Press" }
 @String{AdamHilger = "Adam Hilger" }
 @String{AddisonWesley = "Addison-Wesley" }
 @String{AllynBacon = "Allyn and Bacon" }
 @String{AMS = "American Mathematical Society" }
 @String{Birkhauser = "Birkha{\"u}ser" }
 @String{CambridgePress = "Cambridge University Press" }
 @String{Chelsea = "Chelsea" }
 @String{ClaredonPress = "Claredon Press" }
 @String{DoverPub = "Dover Publications" }
 @String{Eyolles = "Eyolles" }
 @String{HoltRinehartWinston = "Holt, Rinehart and Winston" }
 @String{Interscience = "Interscience" }
 @String{JohnsHopkinsPress = "The Johns Hopkins University Press" }
 @String{JohnWileySons = "John Wiley and Sons" }
 @String{Macmillan = "Macmillan" }
 @String{MathWorks = "The Math Works Inc." }
 @String{McGrawHill = "McGraw-Hill" }
 @String{NatBurStd = "National Bureau of Standards" }
 @String{NorthHolland = "North-Holland" }
 @String{OxfordPress = "Oxford University Press" }  %address Oxford or London?
 @String{PergamonPress = "Pergamon Press" }
 @String{PlenumPress = "Plenum Press" }
 @String{PrenticeHall = "Prentice-Hall" }
 @String{SIAMPub = "{SIAM} Publications" }
 @String{Springer = "Springer-Verlag" }
 @String{TexasPress = "University of Texas Press" }
 @String{VanNostrand = "Van Nostrand" }
 @String{WHFreeman = "W. H. Freeman and Co." }

%Entries

@article{Babich2010,
  title = {Adaptive Multigrid Algorithm for the Lattice {W}ilson-{D}irac Operator},
  author = {Babich, R. and Brannick, J. and Brower, R. C. and Clark, M. A. and Manteuffel, T. A. and McCormick, S. F. and Osborn, J. C. and Rebbi, C.},
  journal = {Phys. Rev. Lett.},
  volume = {105},
  issue = {20},
  pages = {201602},
  numpages = {4},
  year = {2010},
  month = {Nov},
  publisher = {American Physical Society},
  doi = {10.1103/PhysRevLett.105.201602},
  url = {https://link.aps.org/doi/10.1103/PhysRevLett.105.201602}
}

@article{Brannick2008,
  title = {Adaptive Multigrid Algorithm for Lattice {QCD}},
  author = {Brannick, J. and Brower, R. C. and Clark, M. A. and Osborn, J. C. and Rebbi, C.},
  journal = {Phys. Rev. Lett.},
  volume = {100},
  issue = {4},
  pages = {041601},
  numpages = {4},
  year = {2008},
  month = {Jan},
  publisher = {American Physical Society},
  doi = {10.1103/PhysRevLett.100.041601},
  url = {https://link.aps.org/doi/10.1103/PhysRevLett.100.041601}
}

@article{Brower2020,
  title = {Multigrid for chiral lattice fermions: Domain wall},
  author = {Brower, Richard C. and Clark, M. A. and Weinberg, Evan and Howarth, Dean},
  journal = {Phys. Rev. D.},
  volume = {102},
  issue = {9},
  pages = {094517},
  numpages = {18},
  year = {2020},
  month = {Nov},
  publisher = {American Physical Society},
  doi = {10.1103/PhysRevD.102.094517},
  url = {https://link.aps.org/doi/10.1103/PhysRevD.102.094517}
}

@INPROCEEDINGS{Clark2016,
  author={Clark, M. A. and Joó, Bálint and Strelchenko, Alexei and Cheng, Michael and Gambhir, Arjun and Brower, Richard. C.},
  booktitle={SC '16: Proceedings of the International Conference for High Performance Computing, Networking, Storage and Analysis}, 
  title={Accelerating Lattice QCD Multigrid on GPUs Using Fine-Grained Parallelization}, 
  year={2016},
  pages={795-806},
  publisher={IEEE},
  address={Salt Lake City, UT, USA},
  doi={10.1109/SC.2016.67}
}

@article{Frommer2014,
author = {Frommer, A. and Kahl, K. and Krieg, S. and Leder, B. and Rottmann, M.},
title = {Adaptive Aggregation-Based Domain Decomposition Multigrid for the Lattice {W}ilson--{D}irac Operator},
journal = {SIAM Journal on Scientific Computing},
volume = {36},
number = {4},
pages = {A1581-A1608},
year = {2014},
doi = {10.1137/130919507},
}

@article{ Georg2018,
	author = {{Georg, Peter} and {Richtmann, Daniel} and {Wettig, Tilo}},
	title = {{DD}-$\alpha${AMG} on {QPACE} 3},
	DOI= "10.1051/epjconf/201817502007",
	url= "https://doi.org/10.1051/epjconf/201817502007",
	journal = {EPJ Web Conf.},
	year = 2018,
	volume = 175,
	pages = "02007",
}


@misc{ishikawa2019porting,
      title={Porting DDalphaAMG solver to K computer}, 
      author={Ken-Ichi Ishikawa and Issaku Kanamori},
      year={2019},
      eprint={1811.00355},
      archivePrefix={arXiv},
      primaryClass={hep-lat}
}

@InProceedings{kanamori2021,
author="Kanamori, Issaku
and Ishikawa, Ken-Ichi
and Matsufuru, Hideo",
editor="Gervasi, Osvaldo
and Murgante, Beniamino
and Misra, Sanjay
and Garau, Chiara
and Ble{\v{c}}i{\'{c}}, Ivan
and Taniar, David
and Apduhan, Bernady O.
and Rocha, Ana Maria A. C.
and Tarantino, Eufemia
and Torre, Carmelo Maria",
title="Object-Oriented Implementation of Algebraic Multi-grid Solver for Lattice QCD on SIMD Architectures and GPU Clusters",
booktitle="Computational Science and Its Applications -- ICCSA 2021",
year="2021",
publisher="Springer International Publishing",
address="Cham",
pages="218--233",
isbn="978-3-030-86976-2",
}

@article{LIU2023137941,
title = {$\Xi_c-\Xi_c^{'}$ mixing from lattice {QCD}},
journal = {Physics Letters B},
volume = {841},
pages = {137941},
year = {2023},
issn = {0370-2693},
doi = {https://doi.org/10.1016/j.physletb.2023.137941},
url = {https://www.sciencedirect.com/science/article/pii/S0370269323002757},
author = {Hang Liu and Liuming Liu and Peng Sun and Wei Sun and Jin-Xin Tan and Wei Wang and Yi-Bo Yang and Qi-An Zhang},
}

@misc{osborn2010multigrid,
      title={Multigrid solver for clover fermions}, 
      author={J. C. Osborn and R. Babich and J. Brannick and R. C. Brower and M. A. Clark and S. D. Cohen and C. Rebbi},
      year={2010},
      eprint={1011.2775},
      archivePrefix={arXiv},
      primaryClass={hep-lat}
}

@book{trottenberg2000multigrid,
  title={Multigrid},
  author={Trottenberg, Ulrich and Oosterlee, Cornelius W and Schuller, Anton},
  year={2000},
  publisher={Elsevier}
}

@article{saad1986,
author = {Saad, Youcef and Schultz, Martin H.},
title = {{GMRES}: A Generalized Minimal Residual Algorithm for Solving Nonsymmetric Linear Systems},
journal = {SIAM Journal on Scientific and Statistical Computing},
volume = {7},
number = {3},
pages = {856-869},
year = {1986},
doi = {10.1137/0907058},
}

@book{peskin2018introduction,
  title={An introduction to quantum field theory},
  author={Peskin, Michael E},
  year={2018},
  publisher={CRC press}
}

@book{gattringer2009quantum,
  title={Quantum chromodynamics on the lattice: an introductory presentation},
  author={Gattringer, Christof and Lang, Christian},
  volume={788},
  year={2009},
  publisher={Springer Science \& Business Media}
}

@misc{wuppertalGPUDDalphaAMG,
  author = {Rottmann,Matthias and Strebel,Artur and Ramirez-Hidalgo,Gustavo and Heybrock,Simon and Bacchio,Simone and Leder,Bjoern and Kanamori,Issaku},
  title = {{CPU+GPU} {DD}-$\alpha${AMG}},
  year = {2023},
  publisher = {GitHub},
  journal = {GitHub repository},
  howpublished = {\url{https://github.com/Gustavroot/DDalphaAMG}},
  commit = {develop}
}

@misc{HIP_GitHub,
  author = {Advanced Micro Devices, Inc.},
  title = {{HIP}},
  year = {2008},
  publisher = {GitHub},
  journal = {GitHub repository},
  howpublished = {\url{https://github.com/ROCm/HIP}},
  commit = {develop}
}

@phdthesis{rottmann2016adaptive,
  title={Adaptive domain decomposition multigrid for lattice QCD},
  author={Rottmann, Matthias},
  year={2016},
  school={Wuppertal, Univ., Diss., 2016}
}

@article{frommer2014adaptive,
  title={Adaptive aggregation-based domain decomposition multigrid for the lattice Wilson--Dirac operator},
  author={Frommer, Andreas and Kahl, Karsten and Krieg, Stefan and Leder, Bj{\"o}rn and Rottmann, Matthias},
  journal={SIAM journal on scientific computing},
  volume={36},
  number={4},
  pages={A1581--A1608},
  year={2014},
  publisher={SIAM}
}

@misc{wuppertalDDalphaAMG,
  author = {Rottmann,Matthias and Strebel,Artur and Heybrock,Simon and Bacchio,Simone and Leder,Bjoern and Kanamori,Issaku},
  title = {{DD}-$\alpha${AMG}},
  year = {2016},
  publisher = {GitHub},
  journal = {GitHub repository},
  howpublished = {\url{https://github.com/mrottmann/DDalphaAMG}},
  commit = {develop}
}

@book{saad2003iterative,
  title={Iterative methods for sparse linear systems},
  author={Saad, Yousef},
  year={2003},
  publisher={SIAM}
}

@article{wilson1974confinement,
  title={Confinement of quarks},
  author={Wilson, Kenneth G},
  journal={Phys. Rev. D.},
  volume={10},
  number={8},
  pages={2445},
  year={1974},
  publisher={APS}
}

@article{frezzotti2000local,
  title={A local formulation of lattice {QCD} without unphysical fermion zero modes},
  author={Frezzotti, Roberto and Grassi, Pietro Antonio and Sint, Stefan and Weisz, Peter},
  journal={Nuclear Physics B-Proceedings Supplements},
  volume={83},
  pages={941--946},
  year={2000},
  publisher={Elsevier}
}

@article{kogut1975hamiltonian,
  title={Hamiltonian formulation of {W}ilson's lattice gauge theories},
  author={Kogut, John and Susskind, Leonard},
  journal={Phys. Rev. D.},
  volume={11},
  number={2},
  pages={395},
  year={1975},
  publisher={APS}
}

@article{wesseling2001geometric,
  title={Geometric multigrid with applications to computational fluid dynamics},
  author={Wesseling, Pieter and Oosterlee, Cornelis W},
  journal={Journal of computational and applied mathematics},
  volume={128},
  number={1-2},
  pages={311--334},
  year={2001},
  publisher={Elsevier}
}

@book{briggs2000multigrid,
  title={A multigrid tutorial},
  author={Briggs, William L and Henson, Van Emden and McCormick, Steve F},
  year={2000},
  publisher={SIAM}
}

@article{stuben2001introduction,
  title={An introduction to algebraic multigrid},
  author={St{\"u}ben, Klaus and others},
  journal={Multigrid},
  pages={413--532},
  year={2001}
}

@techreport{falgout2006introduction,
  title={An introduction to algebraic multigrid},
  author={Falgout, Robert D},
  year={2006},
  institution={Lawrence Livermore National Lab.(LLNL), Livermore, CA (United States)}
}

@article{luscher2007local,
  title={Local Coherence and Deflation of the Low Quark Modes in Lattice {QCD}},
  author={L{\"u}scher, Martin},
  journal={Journal of High Energy Physics},
  volume={2007},
  number={07},
  pages={081},
  year={2007},
  publisher={IOP Publishing}
}

@article{notay2008recursive,
  title={Recursive {K}rylov-based multigrid cycles},
  author={Notay, Yvan and Vassilevski, Panayot S},
  journal={Numerical Linear Algebra with Applications},
  volume={15},
  number={5},
  pages={473--487},
  year={2008},
  publisher={Wiley Online Library}
}

@article{clark2010solving,
  title={Solving Lattice {QCD} systems of equations using mixed precision solvers on {GPU}s},
  author={Clark, Michael A and Babich, Ronald and Barros, Kipton and Brower, Richard C and Rebbi, Claudio},
  journal={Computer Physics Communications},
  volume={181},
  number={9},
  pages={1517--1528},
  year={2010},
  publisher={Elsevier}
}

@article{espinoza2023coarsest,
  title={Coarsest-level improvements in multigrid for lattice {QCD} on large-scale computers},
  author={Espinoza-Valverde, Jesus and Frommer, Andreas and Ramirez-Hidalgo, Gustavo and Rottmann, Matthias},
  journal={Computer Physics Communications},
  volume={292},
  pages={108869},
  year={2023},
  publisher={Elsevier}
}

@article{saad1986gmres,
  title={{GMRES}: A generalized minimal residual algorithm for solving nonsymmetric linear systems},
  author={Saad, Yousef and Schultz, Martin H},
  journal={SIAM Journal on scientific and statistical computing},
  volume={7},
  number={3},
  pages={856--869},
  year={1986},
  publisher={SIAM}
}

@article{richardson1911ix,
  title={{IX}. The approximate arithmetical solution by finite differences of physical problems involving differential equations, with an application to the stresses in a masonry dam},
  author={Richardson, Lewis Fry},
  journal={Philosophical Transactions of the Royal Society of London. Series A, Containing Papers of a Mathematical or Physical Character},
  volume={210},
  number={459-470},
  pages={307--357},
  year={1911},
  publisher={The Royal Society London}
}

@book{elman1982iterative,
  title={Iterative methods for large, sparse, nonsymmetric systems of linear equations},
  author={Elman, Howard C},
  year={1982},
  publisher={Yale University}
}

@article{loe2022toward,
  title={Toward efficient polynomial preconditioning for {GMRES}},
  author={Loe, Jennifer A and Morgan, Ronald B},
  journal={Numerical Linear Algebra with Applications},
  volume={29},
  number={4},
  pages={e2427},
  year={2022},
  publisher={Wiley Online Library}
}

@book{hoemmen2010communication,
  title={Communication-avoiding Krylov subspace methods},
  author={Hoemmen, Mark},
  year={2010},
  publisher={University of California, Berkeley}
}

@article{yamamoto2022implementation,
  title={Implementation of Simultaneous Inversion of a Multi-shifted {D}irac Matrix for Twisted-Mass Fermions within {DD}-$\alpha${AMG}},
  author={Yamamoto, Shuhei and Bacchio, Simone and Finkenrath, Jacob},
  journal={arXiv preprint arXiv:2201.03872},
  year={2022}
}

@misc{HIPdocum88:online,
author = {Advanced Micro Devices, Inc.},
title = {{HIP} documentation — {HIP} 6.1.40092 Documentation},
howpublished = {\url{https://rocm.docs.amd.com/projects/HIP/en/latest/}},
month = {},
year = {2008},
note = {(Accessed on 06/29/2024)}
}

@misc{NVIDIACU33:online,
author = {NVIDIA},
title = {{NVIDIA CUDA} - {NVIDIA} Docs},
howpublished = {\url{https://docs.nvidia.com/cuda/doc/index.html}},
month = {},
year = {2007},
note = {(Accessed on 06/29/2024)}
}

@misc{arxivAcceleratingLattice,
	author = {Matthaei, Tilmann},
	title = {{A}ccelerating {L}attice {Q}{C}{D} {S}imulations using {G}{P}{U}s},
	howpublished = {\url{https://arxiv.org/abs/2407.00041}},
	year = {2023},
	note = {[Accessed 02-07-2024]},
}

@phdthesis{RamirezHidalgo_PhDThesis,
  title={Multilevel Algorithms in Lattice {QCD} for Exascale Machines},
  author={Ramirez-Hidalgo, Gustavo},
  year={2022},
  school={Wuppertal, Univ., Diss., 2022}
}